@ARTICLE{klitzing,
   AUTHOR="K. von Klitzing and G. Dorda and M. Pepper",
   TITLE="New method for high accuracy determination of fine structure
            constant based on quantised hall resistance",
   JOURNAL=PRL,
   VOLUME=45,
   PAGES=494,
   YEAR=1980
}
 
@ARTICLE{klitzing,
   AUTHOR="Klaus von Klitzing",
   TITLE="The Quantised Hall Effect",
   JOURNAL=RMP,
   VOLUME=58,
   PAGES=519,
   YEAR=1986
}https://www.overleaf.com/project/60b548397f046d2b3885d007